@Misc{hid-sp18-411-Skytap,
title = {Skytap},
howpublished = {Web},
timestamp= {2018-02-26},
url = {https://www.skytap.com/}
}

@Misc{hid-sp18-411-Google Firebase,
title = {Google Firebase},
howpublished = {Web},
timestamp= {2018-02-26},
url = {https://firebase.google.com/}
}

@Misc{hid-sp18-411-Apache Mahout,
title = {Apache Mahout},
howpublished = {Web},
timestamp= {2018-02-26},
url = {https://mahout.apache.org/}
}

@Misc{hid-sp18-411-Apache Kylin,
title = {Apache Kylin},
howpublished = {Web},
timestamp= {2018-02-26},
url = {https://kylin.apache.org/}
}