@Misc{hid-sp18-418-textblob,
  Author 		= {Steven Loria},
  Title 		= {Textblob},
  HowPublished 	= {Textblob website},
  Owner         = {surya},
  Url = 
  {http://textblob.readthedocs.io/en/dev/ 
  } 
}

@Misc{hid-sp18-418-fuzzy-naive,
  Author 		= {Ruchi Mehra1 and Mandeep Kaur Bedi and Gagandeep Singh and Raman Arora and Tannu Bala and Sunny Saxena},
  Title 		= {Sentimental Analysis Using Fuzzy and Naive Bayes},
  HowPublished 	= {ieee explore website},
  Owner         = {surya},
  Url = 
  {https://ieeexplore.ieee.org/document/8282607/
  } 
}

@Misc{hid-sp18-418-sentimental-analysis,
  Author 		= {Harshali P. Patil and Dr. Mohammad Atique},
  Title 		= {Sentiment Analysis for Social Media},
  HowPublished 	= {ieee explore website},
  Owner         = {surya},
  Url = 
  {https://ieeexplore.ieee.org/document/7371033/
  } 
}

@Misc{hid-sp18-418-sentimental-analysis-application,
  Author 		= {Harshali P. Patil and Dr. Mohammad Atique},
  Title 		= {understanding sentiment analysis},
  HowPublished 	= {Brandwatch website},
  Owner         = {surya},
  Url = 
  {https://www.brandwatch.com/blog/understanding-sentiment-analysis/
  } 
}

@Misc{hid-sp18-418-nltk,
  Author 		= {NLTK Documentation},
  Title 		= {Natural Language Toolkit},
  HowPublished 	= {NLTK website},
  Owner         = {surya},
  Url = 
  {https://www.nltk.org/
  } 
}

@Misc{hid-sp18-418-stopwords,
  Author 		= {Vangie Beal},
  Title 		= {Stopwords},
  HowPublished 	= {Webopedia website},
  Owner         = {surya},
  Url = 
  {https://www.webopedia.com/TERM/S/stop_words.html
  } 
}

@Misc{hid-sp18-418-token,
  Author 		= {Technopedia},
  Title 		= {Tokenization},
  HowPublished 	= {Technopedia website},
  Owner         = {surya},
  Url = 
  {https://www.techopedia.com/definition/13698/tokenization
  } 
}

@Misc{hid-sp18-418-sparkml,
  Author 		= {Apache Spark documentation},
  Title 		= {MLlib},
  HowPublished 	= {Apache Spark website},
  Owner         = {surya},
  Url = 
  {https://spark.apache.org/mllib/
  } 
}

@Misc{hid-sp18-418-regression,
  Author 		= {Sandro Sperandei},
  Title 		= {Understanding Logistic Regression},
  HowPublished 	= {NCBI website},
  Owner         = {surya},
  Url = 
  {https://www.ncbi.nlm.nih.gov/pmc/articles/PMC3936971/
  } 
}

@Misc{hid-sp18-418-spark,
  Author 		= {Hortonworks},
  Title 		= {Overview of Spark},
  HowPublished 	= {Hortonworks website},
  Owner         = {surya},
  Url = 
  {https://hortonworks.com/apache/spark/
  } 
}

@Misc{hid-sp18-418-spark-pipeline,
  Author 		= {Carol McDonald},
  Title 		= {pipeline for predicting flight delays using Apache API},
  HowPublished 	= {Dzone website},
  Owner         = {surya},
  Url = 
  {https://dzone.com/articles/fast-data-processing-pipeline-for-predicting-fligh
  } 
}

@Misc{hid-sp18-418-docker,
  Author 		= {Docker},
  Title 		= {what is docker},
  HowPublished 	= {Docker website},
  Owner         = {surya},
  Url = 
  {https://www.docker.com/what-docker
  } 
}

@Misc{hid-sp18-418-digital-ocean,
  Author 		= {digital ocean},
  Title 		= {deploying to scaling},
  HowPublished 	= {digital ocean website},
  Owner         = {surya},
  Url = 
  {https://www.digitalocean.com/
  } 
}