@Misc{Apache-Flink,
  author 	= "Apache",
  title 	= "Introduction to Apache Flink",
  month 	= dec,
  year 		= "2016",
  url		= "https://www.dezyre.com/article/apache-flink-vs-spark-will-one-overtake-the-other/282",
}

@InProceedings{link3,
  author    = {Sarwar Jahan Morshed and Juwel Rana and Marcelo Milrad},
  title     = {Open Source Initiatives and Frameworks Addressing Distributed Real-Time Data Analytics},
  booktitle = {Parallel and Distributed Processing Symposium Workshops, 2016 IEEE International},
  year      = {2016},
  volume    = {},
  pages     = {},
  address   = {Chicago},
  month     = {May},
  doi       = {10.1109/IPDPSW.2016.152},
}

@Manual{link4,
  title        = {Dataflow Programming Model},
  organization = {Apache},
  year         = {2018},
  author       = {Apache},
}

@Misc{link5,
  author 	= "Data Flair",
  title 	= "Hadoop vs Spark vs Flink - Big Data Frameworks Comparison",
  month 	= dec,
  year 		= "2016",
  url		= "https://data-flair.training/blogs/hadoop-vs-spark-vs-flink-comparison/",
}

@Manual{link51,
  title        = {Table API and SQL Beta},
  organization = {Apache},
  year         = {2018},
  author       = {Apache},
}

@Manual{link6,
  title        = {Flink DataStream API Programming Guide},
  organization = {Apache},
  year         = {2018},
  author       = {Apache},
}

@Manual{link7,
  title        = {Flink DataSet API Programming Guide},
  organization = {Apache},
  year         = {2018},
  author       = {Apache},
}

@Misc{link8,
  author 	= "The Apache Software Foundation",
  title 	= "Basic API Concepts",
  month 	= jul,
  year 		= "2016",
  url		= "https://ci.apache.org/projects/flink/flink-docs-release-1.4/dev/api_concepts.html",
}

@Misc{[link9],
  author 	= "The Apache Software Foundation",
  title 	= "Flink Use Cases",
  month 	= jul,
  year 		= "2016",
  url		= "https://flink.apache.org/usecases.html",
}
